<record><leader>00000cas a2200000 a 4500</leader><controlfield tag="001">12544618</controlfield><controlfield tag="008">850913d18861889ksuwr ne      0    0eng d</controlfield><datafield ind1=" " ind2=" " tag="010"><subfield code="a">sn 85029731 </subfield></datafield><datafield ind1=" " ind2=" " tag="040"><subfield code="a">KSH</subfield><subfield code="b">eng</subfield><subfield code="c">KSH</subfield><subfield code="d">NPT</subfield><subfield code="d">OCL</subfield><subfield code="d">OCLCQ</subfield></datafield><datafield ind1=" " ind2=" " tag="042"><subfield code="a">msc</subfield></datafield><datafield ind1="0" ind2="4" tag="245"><subfield code="a">The Dorrance nugget.</subfield></datafield><datafield ind1=" " ind2=" " tag="260"><subfield code="a">Dorrance, Kan. :</subfield><subfield code="b">Samuel H. Haffa,</subfield><subfield code="c">1886-1889.</subfield></datafield><datafield ind1=" " ind2=" " tag="300"><subfield code="a">3 v. ;</subfield><subfield code="c">60 cm.</subfield></datafield><datafield ind1=" " ind2=" " tag="310"><subfield code="a">Weekly</subfield></datafield><datafield ind1="0" ind2=" " tag="362"><subfield code="a">Vol. 1, no. 1 (Oct. 28, 1886)-v. 3, no. 18 (Feb. 21, 1889).</subfield></datafield><datafield ind1=" " ind2=" " tag="752"><subfield code="a">United States</subfield><subfield code="b">Kansas</subfield><subfield code="c">Russell</subfield><subfield code="d">Dorrance.</subfield></datafield><datafield ind1="0" ind2="7" tag="785"><subfield code="t">Bunker Hill gazette (Bunker Hill, Kan.)</subfield><subfield code="w">(DLC)sn 85029728</subfield></datafield><datafield ind1="0" ind2="7" tag="785"><subfield code="t">Weekly gazette (Russell, Kan.)</subfield><subfield code="w">(DLC)sn 85029748</subfield></datafield><datafield ind1="1" ind2=" " tag="029"><subfield code="a">AU@</subfield><subfield code="b">000022172228</subfield></datafield></record>